@book{glo2012,
 author = {Glover, J. Duncan and Sarma, Mulukutla S. and Overbye, Thomas J.},
 title = {Power System Analysis and Design},
 year = {2012},
 edition = {5th},
 publisher = {Cengage Learning},
 address = {Stamford, CT, USA},
}

@incollection{mcl2008,
  title={{WP2.6}, Equivalent wind power curves},
  author={McLean, J.R.},
  booktitle={TradeWind},
  year={2008}
}

% Example
@article{bro1988,
  title={{GAMS}, a {U}ser's {G}uide},
  author={Brook, A. and Kendrick, D. and Meeraus, A.},
  journal={ACM SIGNUM Newsletter},
  volume={23},
  number={3-4},
  pages={10--11},
  year={1988},
  publisher={ACM}
}

@book{lun2003,
  title={Optimeringsl{\"a}ra},
  author={Lundgren, J. and R{\"o}nnqvist, M. and V{\"a}rbrand, P.},
  year={2003},
  publisher={Studentlitteratur},
  address={Lund}
}